<record xmlns="http://www.loc.gov/MARC21/slim" xmlns:xsi="http://www.w3.org/2001/XMLSchema-instance" xsi:schemaLocation="http://www.loc.gov/MARC21/slim http://www.loc.gov/standards/marcxml/schema/MARC21slim.xsd">

  <leader>00472nam a2200157Ia 4500</leader>
  <datafield ind1=" " ind2=" " tag="090">
    <subfield code="a">CD #189</subfield>
  </datafield>
  <datafield ind1=" " tag="111" ind2=" ">
    <subfield code="a">Congreso Iberoamericano de Ciencia, Tecnología y Género (8 : 2010 abril 05-09 : Brasil)</subfield>
  </datafield>
  <datafield ind1=" " ind2=" " tag="245">
    <subfield code="a">VIII Congreso Iberoamericano de Ciencia, Tecnología y género</subfield>
  </datafield>
  <datafield ind1=" " ind2=" " tag="260">
    <subfield code="a">Brasil </subfield>
    <subfield code="b"> : sin editorial, </subfield>
    <subfield code="c">2010</subfield>
  </datafield>
  <datafield ind1=" " tag="300" ind2=" ">
    <subfield code="a">1 disco compacto</subfield>
  </datafield>
  <datafield ind2=" " tag="650" ind1=" ">
    <subfield code="a">CONFERENCIAS</subfield>
  </datafield>
  <datafield ind1=" " tag="650" ind2=" ">
    <subfield code="a">CIENCIA</subfield>
  </datafield>
  <datafield ind1=" " tag="650" ind2=" ">
    <subfield code="a">TECNOLOGIA</subfield>
  </datafield>
  <datafield tag="650" ind2=" " ind1=" ">
    <subfield code="a">GENERO</subfield>
  </datafield>
  <datafield tag="942" ind2=" " ind1=" ">
    <subfield code="p">001109 </subfield>
  </datafield>
  <datafield ind1=" " tag="999" ind2=" ">
    <subfield code="c">2465</subfield>
    <subfield code="d">2465</subfield>
  </datafield>
</record>